@MISC{siriStats,
   author =       {Mullin, Emily},
   title =        {Why Siri Won't Listen to Millions of People with Disabilities},
   editor =       {Scientific American},
   month =        {May},
   year =         {2016},
   note =         {\href{https://www.scientificamerican.com/article/why-siri-won-t-listen-to-millions-of-people-with-disabilities/}{Article}},
 }

@article{uclass,
author = {Howell, Peter and Davis, Stephen and Bartrip, Jon},
title = {The University College London Archive of Stuttered Speech (UCLASS)},
journal = {Journal of Speech, Language, and Hearing Research},
volume = {52},
number = {2},
pages = {556-569},
year = {2009},
doi = {10.1044/1092-4388(2009/07-0129)},
URL = { + http://dx.doi.org/10.1044/1092-4388(2009/07-0129)},
eprint = {}
}

@article{childes,
  title={The CHILDES project part 1: The CHAT transcription format},
  author={MacWhinney, Brian},
  journal={Department of Psychology},
  pages={181},
  year={2009}
}

@MISC{speechToText,
  author = {IBM},
  title = {IBM Watson Speech to Text},
  note = {\href{https://www.ibm.com/watson/services/speech-to-text}{https://www.ibm.com/watson/services/speech-to-text}},
}

@inproceedings{librosa,
  title={librosa: Audio and music signal analysis in python},
  author={McFee, Brian and Raffel, Colin and Liang, Dawen and Ellis, Daniel PW and McVicar, Matt and Battenberg, Eric and Nieto, Oriol},
  booktitle={Proceedings of the 14th python in science conference},
  pages={18--25},
  year={2015}
}

@MISC{manuChopra,
  title={Classification and Recognition of Stuttered Speech},
  author={Chopra, Manu and Khieu, Kevin and Liu, Thomas},
}